@article{descartes-carta-mersene,
	title={Carta de Ren{\'e} Descartes a Marin Mersenne}, 
	volume={1}, 
	url={http://bit.ly/2KI0pVp}, 
	DOI={10.1590/S1678-31662003000100008}, 
	number={1}, 
	journal={Scientiae Studia}, 
	author={Ren{\'e} Descartes}, 
	year={2003}, 
	month={03}, 
	pages={87-92}
}

@book{descartes-oeuvres-volx,
	title={Oeuvres de Descartes}, 
	author={Ren{\'e} Descartes}, 
	year={1908},
	note = {Digitalizado por University of Connecticut Libraries},
	publisher = {Leopold Cerf},
	volume = {10},
	url = {http://bit.ly/2S37cMB},
	adress = {Paris}, 
	pagestotal={712}
}
	
@incollection{descartes-metodo,
	address={S\~ao Paulo},
	author={Ren{\'e} Descartes},
	booktitle={Os pensadores},
	editor={Jacob Guinsburg AND Bento Prado Jr.},
	edition = {3},
	editortype={Trad.},
	publisher={Nova Cultural},
	title={Discurso do M{\'e}todo},
	year={1983}
}


@incollection{boyle1772,
	author = {Robert Boyle},
	editor = {Thomas Birch},
	year = {1772},
	volumes = {6},
	booktitle = {The works of the Honourable Robert Boyle},
	note = {Em seis volumes, prefixado por uma biografia do autor (1627-1691)},
	url = {http://bit.ly/boyle-works},
	publisher = {J. and F. Rivington},
	urldate = {2019-02-03},
	pagetotal= {1062},
	address = {London}
}

@InBook{herao,
	Title                    = {Pneumatica},
	Author                   = {Herão},
	Editor                   = {Greenwood, Joseph George},
	Publisher                = {Taylor, Walton and Maberly},
	pages 					 = {117},
	Year                     = {1851},
	Address                  = {London},
	Booktitle                = {The pneumatics of Hero of Alexandria, from the original Greek},
	Url                      = {http://bit.ly/herao},
	editortype 				 = {Trad.}
}

@CONFERENCE{tonidandel2010,
	author = {D. A. V. Tonidandel},
	title = {Decifrando a transformada Z},
	booktitle = {CBA 2010 - XVIII Congresso Brasileiro de Autom{\'a}tica},
	year = {2010},
	month = {9},
	days = {12-17},
	keywords = {Control Education},
	url = {http://bit.ly/2LJgKMv}
}


@inBook{platao-teeteto,
	maintitle                = {Teeteto (o conhecimento)},
	Author                   = {Platão},
	Publisher                = {Grupo Acrópolis},
	editortype = {Trad.},
	editor = {Carlos Alberto Nunes},
	Year                     = {2011},
	institution 			 = {Cultvox},
	Note                     = {(epub)},
	url = {https://bit.ly/2vFHfJ5}	
}
